@inproceedings{spark,
  title={Resilient distributed datasets: A fault-tolerant abstraction for in-memory cluster computing},
  author={Zaharia, Matei and Chowdhury, Mosharaf and Das, Tathagata and Dave, Ankur and Ma, Justin and McCauley, Murphy and Franklin, Michael J and Shenker, Scott and Stoica, Ion},
  booktitle={Proceedings of the 9th USENIX conference on Networked Systems Design and Implementation},
  pages={2--2},
  year={2012},
  organization={USENIX Association}
}

@article{mapreduce,
  title={MapReduce: simplified data processing on large clusters},
  author={Dean, Jeffrey and Ghemawat, Sanjay},
  journal={Communications of the ACM},
  volume={51},
  number={1},
  pages={107--113},
  year={2008},
  publisher={ACM}
}

@article{graphlab,
  title={Graphlab: A new framework for parallel machine learning},
  author={Low, Yucheng and Gonzalez, Joseph E and Kyrola, Aapo and Bickson, Danny and Guestrin, Carlos E and Hellerstein, Joseph},
  journal={arXiv preprint arXiv:1408.2041},
  year={2014}
}

@article{distributed:graphlab,
  title={Distributed GraphLab: a framework for machine learning and data mining in the cloud},
  author={Low, Yucheng and Bickson, Danny and Gonzalez, Joseph and Guestrin, Carlos and Kyrola, Aapo and Hellerstein, Joseph M},
  journal={Proceedings of the VLDB Endowment},
  volume={5},
  number={8},
  pages={716--727},
  year={2012},
  publisher={VLDB Endowment}
}

@article{giraph,
  title={Giraph: Large-scale graph processing infrastructure on hadoop},
  author={Avery, Ching},
  journal={Proceedings of the Hadoop Summit. Santa Clara},
  volume={11},
  number={3},
  pages={5--9},
  year={2011}
}

@inproceedings{pregel,
  title={Pregel: a system for large-scale graph processing},
  author={Malewicz, Grzegorz and Austern, Matthew H and Bik, Aart JC and Dehnert, James C and Horn, Ilan and Leiser, Naty and Czajkowski, Grzegorz},
  booktitle={Proceedings of the 2010 ACM SIGMOD International Conference on Management of data},
  pages={135--146},
  year={2010},
  organization={ACM}
}

@inproceedings{cube:osdi16,
  title={Exploring the Hidden Dimension in Graph Processing.},
  author={Zhang, Mingxing and Wu, Yongwei and Chen, Kang and Qian, Xuehai and Li, Xue and Zheng, Weimin},
  booktitle={OSDI},
  pages={285--300},
  year={2016}
}

@inproceedings{powerlyra,
  title={Powerlyra: Differentiated graph computation and partitioning on skewed graphs},
  author={Chen, Rong and Shi, Jiaxin and Chen, Yanzhe and Chen, Haibo},
  booktitle={Proceedings of the Tenth European Conference on Computer Systems},
  pages={1},
  year={2015},
  organization={ACM}
}
@inproceedings{powergraph,
  title={PowerGraph: Distributed Graph-Parallel Computation on Natural Graphs.},
  author={Gonzalez, Joseph E and Low, Yucheng and Gu, Haijie and Bickson, Danny and Guestrin, Carlos},
  booktitle={OSDI},
  volume={12},
  number={1},
  pages={2},
  year={2012}
}

@inproceedings{kineograph,
  title={Kineograph: taking the pulse of a fast-changing and connected world},
  author={Cheng, Raymond and Hong, Ji and Kyrola, Aapo and Miao, Youshan and Weng, Xuetian and Wu, Ming and Yang, Fan and Zhou, Lidong and Zhao, Feng and Chen, Enhong},
  booktitle={Proceedings of the 7th ACM european conference on Computer Systems},
  pages={85--98},
  year={2012},
  organization={ACM}
}

@inproceedings{naiad,
  title={Naiad: a timely dataflow system},
  author={Murray, Derek G and McSherry, Frank and Isaacs, Rebecca and Isard, Michael and Barham, Paul and Abadi, Mart{\'\i}n},
  booktitle={Proceedings of the Twenty-Fourth ACM Symposium on Operating Systems Principles},
  pages={439--455},
  year={2013},
  organization={ACM}
}

@inproceedings{xstream,
  title={X-stream: Edge-centric graph processing using streaming partitions},
  author={Roy, Amitabha and Mihailovic, Ivo and Zwaenepoel, Willy},
  booktitle={Proceedings of the Twenty-Fourth ACM Symposium on Operating Systems Principles},
  pages={472--488},
  year={2013},
  organization={ACM}
}

@inproceedings{gemini,
  title={Gemini: A Computation-Centric Distributed Graph Processing System.},
  author={Zhu, Xiaowei and Chen, Wenguang and Zheng, Weimin and Ma, Xiaosong},
  booktitle={OSDI},
  pages={301--316},
  year={2016}
}

@inproceedings{graphchi,
  title={Graphchi: Large-scale graph computation on just a pc},
  author={Kyrola, Aapo and Blelloch, Guy E and Guestrin, Carlos},
  year={2012},
  organization={USENIX}
}

@inproceedings{graphx,
  title={Graphx: A resilient distributed graph system on spark},
  author={Xin, Reynold S and Gonzalez, Joseph E and Franklin, Michael J and Stoica, Ion},
  booktitle={First International Workshop on Graph Data Management Experiences and Systems},
  pages={2},
  year={2013},
  organization={ACM}
}

@article{facebook:graph,
  title={One trillion edges: Graph processing at facebook-scale},
  author={Ching, Avery and Edunov, Sergey and Kabiljo, Maja and Logothetis, Dionysios and Muthukrishnan, Sambavi},
  journal={Proceedings of the VLDB Endowment},
  volume={8},
  number={12},
  pages={1804--1815},
  year={2015},
  publisher={VLDB Endowment}
}

@inproceedings{traversing:graph,
  title={Traversing trillions of edges in real time: Graph exploration on large-scale parallel machines},
  author={Checconi, Fabio and Petrini, Fabrizio},
  booktitle={Parallel and Distributed Processing Symposium, 2014 IEEE 28th International},
  pages={425--434},
  year={2014},
  organization={IEEE}
}

@inproceedings{graph:trillions,
  title={G ra M: scaling graph computation to the trillions},
  author={Wu, Ming and Yang, Fan and Xue, Jilong and Xiao, Wencong and Miao, Youshan and Wei, Lan and Lin, Haoxiang and Dai, Yafei and Zhou, Lidong},
  booktitle={Proceedings of the Sixth ACM Symposium on Cloud Computing},
  pages={408--421},
  year={2015},
  organization={ACM}
}

@article{differential:dataflow,
  title={Explaining outputs in modern data analytics},
  author={Chothia, Zaheer and Liagouris, John and McSherry, Frank and Roscoe, Timothy},
  journal={Proceedings of the VLDB Endowment},
  volume={9},
  number={12},
  pages={1137--1148},
  year={2016},
  publisher={VLDB Endowment}
}

@inproceedings{mizan:load,
  title={Mizan: a system for dynamic load balancing in large-scale graph processing},
  author={Khayyat, Zuhair and Awara, Karim and Alonazi, Amani and Jamjoom, Hani and Williams, Dan and Kalnis, Panos},
  booktitle={Proceedings of the 8th ACM European Conference on Computer Systems},
  pages={169--182},
  year={2013},
  organization={ACM}
}

@inproceedings{chronos,
  title={Chronos: a graph engine for temporal graph analysis},
  author={Han, Wentao and Miao, Youshan and Li, Kaiwei and Wu, Ming and Yang, Fan and Zhou, Lidong and Prabhakaran, Vijayan and Chen, Wenguang and Chen, Enhong},
  booktitle={Proceedings of the Ninth European Conference on Computer Systems},
  pages={1},
  year={2014},
  organization={ACM}
}

@inproceedings{zhang2015numa,
  title={NUMA-aware graph-structured analytics},
  author={Zhang, Kaiyuan and Chen, Rong and Chen, Haibo},
  booktitle={ACM SIGPLAN Notices},
  volume={50},
  number={8},
  pages={183--193},
  year={2015},
  organization={ACM}
}

@article{vaquero2013xdgp,
  title={xDGP: A dynamic graph processing system with adaptive partitioning},
  author={Vaquero, Luis and Cuadrado, F{\'e}lix and Logothetis, Dionysios and Martella, Claudio},
  journal={arXiv preprint arXiv:1309.1049},
  year={2013}
}

@article{miao2015immortalgraph,
  title={Immortalgraph: A system for storage and analysis of temporal graphs},
  author={Miao, Youshan and Han, Wentao and Li, Kaiwei and Wu, Ming and Yang, Fan and Zhou, Lidong and Prabhakaran, Vijayan and Chen, Enhong and Chen, Wenguang},
  journal={ACM Transactions on Storage (TOS)},
  volume={11},
  number={3},
  pages={14},
  year={2015},
  publisher={ACM}
}

@inproceedings{xue2014seraph,
  title={Seraph: an efficient, low-cost system for concurrent graph processing},
  author={Xue, Jilong and Yang, Zhi and Qu, Zhi and Hou, Shian and Dai, Yafei},
  booktitle={Proceedings of the 23rd international symposium on High-performance parallel and distributed computing},
  pages={227--238},
  year={2014},
  organization={ACM}
}

@inproceedings{big:vldb16,
  title={Big graph analytics systems},
  author={Yan, Da and Bu, Yingyi and Tian, Yuanyuan and Deshpande, Amol and Cheng, James},
  booktitle={Proceedings of the 2016 International Conference on Management of Data},
  pages={2241--2243},
  year={2016},
  organization={ACM}
}

@inproceedings{iyer2016time,
  title={Time-evolving graph processing at scale},
  author={Iyer, Anand Padmanabha and Li, Li Erran and Das, Tathagata and Stoica, Ion},
  booktitle={Proceedings of the Fourth International Workshop on Graph Data Management Experiences and Systems},
  pages={5},
  year={2016},
  organization={ACM}
}
